@misc{chollet2015keras,
  title={Keras},
  author={Chollet, Fran\c{c}ois and others},
  year={2015},
  howpublished={\url{https://keras.io}},
}
@book{Davis:1995:PSD:203406,
 author = {Davis, Alan M.},
 title = {201 Principles of Software Development},
 year = {1995},
 isbn = {0-07-015840-1},
 publisher = {McGraw-Hill, Inc.},
 address = {New York, NY, USA},
} 

@inproceedings{Schroeder1999APG,
  title={A Practical Guide to Object-Oriented Metrics},
  author={Mark Schroeder and Brian Henderson},
  year={1999}
}

@article{Metrics in Evaluating Software Defects:2013,
	author = {Chen-huei Chou},
	title = {Article: Metrics in Evaluating Software Defects},
	journal = {International Journal of Computer Applications},
	year = {2013},
	volume = {63},
	number = {3},
	pages = {23-29},
	month = {February},
	note = {Full text available}
}